%YAML 1.1
%TAG !u! tag:unity3d.com,2011:
--- !u!1 &6748397101180019113
GameObject:
  m_ObjectHideFlags: 0
  m_CorrespondingSourceObject: {fileID: 0}
  m_PrefabInstance: {fileID: 0}
  m_PrefabAsset: {fileID: 0}
  serializedVersion: 6
  m_Component:
  - component: {fileID: 6749390698173904207}
  - component: {fileID: 6760377737880443083}
  - component: {fileID: 6770357790795722669}
  - component: {fileID: 8508834127711586865}
  m_Layer: 0
  m_Name: Block_Chakra
  m_TagString: Untagged
  m_Icon: {fileID: 0}
  m_NavMeshLayer: 0
  m_StaticEditorFlags: 4294967295
  m_IsActive: 1
--- !u!4 &6749390698173904207
Transform:
  m_ObjectHideFlags: 0
  m_CorrespondingSourceObject: {fileID: 0}
  m_PrefabInstance: {fileID: 0}
  m_PrefabAsset: {fileID: 0}
  m_GameObject: {fileID: 6748397101180019113}
  m_LocalRotation: {x: -0, y: -0.7422253, z: -0, w: 0.67015046}
  m_LocalPosition: {x: 0.99438906, y: 2.2285147, z: 58.803345}
  m_LocalScale: {x: 2.2376363, y: 2.2376351, z: 2.2376363}
  m_Children:
  - {fileID: 6749390698923843838}
  m_Father: {fileID: 0}
  m_RootOrder: 0
  m_LocalEulerAnglesHint: {x: 0, y: -95.679, z: 0}
--- !u!33 &6760377737880443083
MeshFilter:
  m_ObjectHideFlags: 0
  m_CorrespondingSourceObject: {fileID: 0}
  m_PrefabInstance: {fileID: 0}
  m_PrefabAsset: {fileID: 0}
  m_GameObject: {fileID: 6748397101180019113}
  m_Mesh: {fileID: 4300000, guid: 9e935c9ed6bcda949a5b1c92cde7d8b5, type: 3}
--- !u!23 &6770357790795722669
MeshRenderer:
  m_ObjectHideFlags: 0
  m_CorrespondingSourceObject: {fileID: 0}
  m_PrefabInstance: {fileID: 0}
  m_PrefabAsset: {fileID: 0}
  m_GameObject: {fileID: 6748397101180019113}
  m_Enabled: 1
  m_CastShadows: 1
  m_ReceiveShadows: 1
  m_DynamicOccludee: 1
  m_MotionVectors: 1
  m_LightProbeUsage: 1
  m_ReflectionProbeUsage: 1
  m_RenderingLayerMask: 1
  m_RendererPriority: 0
  m_Materials:
  - {fileID: 2100000, guid: 112495ee01e1b834a89c654405f9be48, type: 2}
  m_StaticBatchInfo:
    firstSubMesh: 0
    subMeshCount: 0
  m_StaticBatchRoot: {fileID: 0}
  m_ProbeAnchor: {fileID: 0}
  m_LightProbeVolumeOverride: {fileID: 0}
  m_ScaleInLightmap: 5
  m_PreserveUVs: 0
  m_IgnoreNormalsForChartDetection: 0
  m_ImportantGI: 0
  m_StitchLightmapSeams: 1
  m_SelectedEditorRenderState: 3
  m_MinimumChartSize: 4
  m_AutoUVMaxDistance: 0.5
  m_AutoUVMaxAngle: 89
  m_LightmapParameters: {fileID: 0}
  m_SortingLayerID: 0
  m_SortingLayer: 0
  m_SortingOrder: 0
--- !u!65 &8508834127711586865
BoxCollider:
  m_ObjectHideFlags: 0
  m_CorrespondingSourceObject: {fileID: 0}
  m_PrefabInstance: {fileID: 0}
  m_PrefabAsset: {fileID: 0}
  m_GameObject: {fileID: 6748397101180019113}
  m_Material: {fileID: 0}
  m_IsTrigger: 0
  m_Enabled: 1
  serializedVersion: 2
  m_Size: {x: 2.000001, y: 2.000007, z: 2.0000072}
  m_Center: {x: -3.5527137e-15, y: 0, z: 0.00000047683716}
--- !u!1001 &6747679673603437546
PrefabInstance:
  m_ObjectHideFlags: 0
  serializedVersion: 2
  m_Modification:
    m_TransformParent: {fileID: 6749390698173904207}
    m_Modifications:
    - target: {fileID: 1000011717122646, guid: b53f6f2fb4ee6ce459481fcf3fe082dd, type: 3}
      propertyPath: m_Name
      value: Arrow
      objectReference: {fileID: 0}
    - target: {fileID: 4000010969535252, guid: b53f6f2fb4ee6ce459481fcf3fe082dd, type: 3}
      propertyPath: m_LocalPosition.x
      value: 1.0479811
      objectReference: {fileID: 0}
    - target: {fileID: 4000010969535252, guid: b53f6f2fb4ee6ce459481fcf3fe082dd, type: 3}
      propertyPath: m_LocalPosition.y
      value: -0.0312829
      objectReference: {fileID: 0}
    - target: {fileID: 4000010969535252, guid: b53f6f2fb4ee6ce459481fcf3fe082dd, type: 3}
      propertyPath: m_LocalPosition.z
      value: 0.031285882
      objectReference: {fileID: 0}
    - target: {fileID: 4000010969535252, guid: b53f6f2fb4ee6ce459481fcf3fe082dd, type: 3}
      propertyPath: m_LocalRotation.x
      value: 0.0000012798617
      objectReference: {fileID: 0}
    - target: {fileID: 4000010969535252, guid: b53f6f2fb4ee6ce459481fcf3fe082dd, type: 3}
      propertyPath: m_LocalRotation.y
      value: 0.7071058
      objectReference: {fileID: 0}
    - target: {fileID: 4000010969535252, guid: b53f6f2fb4ee6ce459481fcf3fe082dd, type: 3}
      propertyPath: m_LocalRotation.z
      value: -0.0000012798581
      objectReference: {fileID: 0}
    - target: {fileID: 4000010969535252, guid: b53f6f2fb4ee6ce459481fcf3fe082dd, type: 3}
      propertyPath: m_LocalRotation.w
      value: 0.70710784
      objectReference: {fileID: 0}
    - target: {fileID: 4000010969535252, guid: b53f6f2fb4ee6ce459481fcf3fe082dd, type: 3}
      propertyPath: m_RootOrder
      value: 0
      objectReference: {fileID: 0}
    - target: {fileID: 4000010969535252, guid: b53f6f2fb4ee6ce459481fcf3fe082dd, type: 3}
      propertyPath: m_LocalEulerAnglesHint.x
      value: 0
      objectReference: {fileID: 0}
    - target: {fileID: 4000010969535252, guid: b53f6f2fb4ee6ce459481fcf3fe082dd, type: 3}
      propertyPath: m_LocalEulerAnglesHint.y
      value: 0
      objectReference: {fileID: 0}
    - target: {fileID: 4000010969535252, guid: b53f6f2fb4ee6ce459481fcf3fe082dd, type: 3}
      propertyPath: m_LocalEulerAnglesHint.z
      value: 0
      objectReference: {fileID: 0}
    - target: {fileID: 4000010969535252, guid: b53f6f2fb4ee6ce459481fcf3fe082dd, type: 3}
      propertyPath: m_LocalScale.x
      value: 0.4469004
      objectReference: {fileID: 0}
    - target: {fileID: 4000010969535252, guid: b53f6f2fb4ee6ce459481fcf3fe082dd, type: 3}
      propertyPath: m_LocalScale.y
      value: 0.44690037
      objectReference: {fileID: 0}
    - target: {fileID: 4000010969535252, guid: b53f6f2fb4ee6ce459481fcf3fe082dd, type: 3}
      propertyPath: m_LocalScale.z
      value: 0.2692615
      objectReference: {fileID: 0}
    - target: {fileID: 23000014100550456, guid: b53f6f2fb4ee6ce459481fcf3fe082dd,
        type: 3}
      propertyPath: m_Materials.Array.data[0]
      value: 
      objectReference: {fileID: 2100000, guid: d14b208825a4e9747942e14477a099d0, type: 2}
    m_RemovedComponents: []
  m_SourcePrefab: {fileID: 100100000, guid: b53f6f2fb4ee6ce459481fcf3fe082dd, type: 3}
--- !u!4 &6749390698923843838 stripped
Transform:
  m_CorrespondingSourceObject: {fileID: 4000010969535252, guid: b53f6f2fb4ee6ce459481fcf3fe082dd,
    type: 3}
  m_PrefabInstance: {fileID: 6747679673603437546}
  m_PrefabAsset: {fileID: 0}
