%YAML 1.1
%TAG !u! tag:unity3d.com,2011:
--- !u!1 &1470832942503700144
GameObject:
  m_ObjectHideFlags: 0
  m_CorrespondingSourceObject: {fileID: 0}
  m_PrefabInstance: {fileID: 0}
  m_PrefabAsset: {fileID: 0}
  serializedVersion: 6
  m_Component:
  - component: {fileID: 7909561457869692419}
  m_Layer: 0
  m_Name: TargetNode
  m_TagString: Untagged
  m_Icon: {fileID: 0}
  m_NavMeshLayer: 0
  m_StaticEditorFlags: 0
  m_IsActive: 1
--- !u!4 &7909561457869692419
Transform:
  m_ObjectHideFlags: 0
  m_CorrespondingSourceObject: {fileID: 0}
  m_PrefabInstance: {fileID: 0}
  m_PrefabAsset: {fileID: 0}
  m_GameObject: {fileID: 1470832942503700144}
  m_LocalRotation: {x: -0, y: -0, z: -0, w: 1}
  m_LocalPosition: {x: -0.6750001, y: 1.35, z: 0}
  m_LocalScale: {x: 1, y: 1, z: 1}
  m_Children: []
  m_Father: {fileID: 8610046044626199032}
  m_RootOrder: 0
  m_LocalEulerAnglesHint: {x: 0, y: 0, z: 0}
--- !u!1 &3831404809173674411
GameObject:
  m_ObjectHideFlags: 0
  m_CorrespondingSourceObject: {fileID: 0}
  m_PrefabInstance: {fileID: 0}
  m_PrefabAsset: {fileID: 0}
  serializedVersion: 6
  m_Component:
  - component: {fileID: 5514368186232115480}
  m_Layer: 0
  m_Name: TargetNode
  m_TagString: Untagged
  m_Icon: {fileID: 0}
  m_NavMeshLayer: 0
  m_StaticEditorFlags: 0
  m_IsActive: 1
--- !u!4 &5514368186232115480
Transform:
  m_ObjectHideFlags: 0
  m_CorrespondingSourceObject: {fileID: 0}
  m_PrefabInstance: {fileID: 0}
  m_PrefabAsset: {fileID: 0}
  m_GameObject: {fileID: 3831404809173674411}
  m_LocalRotation: {x: 0, y: 0, z: 0, w: 1}
  m_LocalPosition: {x: 0.675, y: 1.35, z: 0}
  m_LocalScale: {x: 1, y: 1, z: 1}
  m_Children: []
  m_Father: {fileID: 6645928033180619503}
  m_RootOrder: 0
  m_LocalEulerAnglesHint: {x: 0, y: 0, z: 0}
--- !u!82 &8927631123038848232
AudioSource:
  m_ObjectHideFlags: 0
  m_CorrespondingSourceObject: {fileID: 0}
  m_PrefabInstance: {fileID: 0}
  m_PrefabAsset: {fileID: 0}
  m_GameObject: {fileID: 3308711836952057978}
  m_Enabled: 1
  serializedVersion: 4
  OutputAudioMixerGroup: {fileID: 0}
  m_audioClip: {fileID: 8300000, guid: 598f577b9953d6941bf4acb22bda9d56, type: 3}
  m_PlayOnAwake: 0
  m_Volume: 1
  m_Pitch: 1
  Loop: 0
  Mute: 0
  Spatialize: 0
  SpatializePostEffects: 0
  Priority: 128
  DopplerLevel: 1
  MinDistance: 1
  MaxDistance: 500
  Pan2D: 0
  rolloffMode: 0
  BypassEffects: 0
  BypassListenerEffects: 0
  BypassReverbZones: 0
  rolloffCustomCurve:
    serializedVersion: 2
    m_Curve:
    - serializedVersion: 3
      time: 0
      value: 1
      inSlope: 0
      outSlope: 0
      tangentMode: 0
      weightedMode: 0
      inWeight: 0.33333334
      outWeight: 0.33333334
    - serializedVersion: 3
      time: 1
      value: 0
      inSlope: 0
      outSlope: 0
      tangentMode: 0
      weightedMode: 0
      inWeight: 0.33333334
      outWeight: 0.33333334
    m_PreInfinity: 2
    m_PostInfinity: 2
    m_RotationOrder: 4
  panLevelCustomCurve:
    serializedVersion: 2
    m_Curve:
    - serializedVersion: 3
      time: 0
      value: 0
      inSlope: 0
      outSlope: 0
      tangentMode: 0
      weightedMode: 0
      inWeight: 0.33333334
      outWeight: 0.33333334
    m_PreInfinity: 2
    m_PostInfinity: 2
    m_RotationOrder: 4
  spreadCustomCurve:
    serializedVersion: 2
    m_Curve:
    - serializedVersion: 3
      time: 0
      value: 0
      inSlope: 0
      outSlope: 0
      tangentMode: 0
      weightedMode: 0
      inWeight: 0.33333334
      outWeight: 0.33333334
    m_PreInfinity: 2
    m_PostInfinity: 2
    m_RotationOrder: 4
  reverbZoneMixCustomCurve:
    serializedVersion: 2
    m_Curve:
    - serializedVersion: 3
      time: 0
      value: 1
      inSlope: 0
      outSlope: 0
      tangentMode: 0
      weightedMode: 0
      inWeight: 0.33333334
      outWeight: 0.33333334
    m_PreInfinity: 2
    m_PostInfinity: 2
    m_RotationOrder: 4
--- !u!114 &7667400632194515943
MonoBehaviour:
  m_ObjectHideFlags: 0
  m_CorrespondingSourceObject: {fileID: 0}
  m_PrefabInstance: {fileID: 0}
  m_PrefabAsset: {fileID: 0}
  m_GameObject: {fileID: 3308711836952057978}
  m_Enabled: 1
  m_EditorHideFlags: 0
  m_Script: {fileID: 11500000, guid: 18f883b72b516fc46a43656186c14156, type: 3}
  m_Name: 
  m_EditorClassIdentifier: 
  audioSource: {fileID: 8927631123038848232}
  leftDoor: {fileID: 9110168026149896952}
  rightDoor: {fileID: 5268953812200623375}
  vibrations:
  - {fileID: 8927631123700313591}
  - {fileID: 8927631122497550579}
  leftDoor_Animator: {fileID: 1323325722799074276}
  rightDoor_Animator: {fileID: 2752030256314693698}
  animationSpeed: 0.12
--- !u!65 &8107790721358643736
BoxCollider:
  m_ObjectHideFlags: 0
  m_CorrespondingSourceObject: {fileID: 0}
  m_PrefabInstance: {fileID: 0}
  m_PrefabAsset: {fileID: 0}
  m_GameObject: {fileID: 5268953812200623375}
  m_Material: {fileID: 0}
  m_IsTrigger: 0
  m_Enabled: 1
  serializedVersion: 2
  m_Size: {x: 1.3581487, y: 2.6949239, z: 0.75604665}
  m_Center: {x: 0.68925965, y: 1.3414463, z: 0.12197667}
--- !u!95 &2752030256314693698
Animator:
  serializedVersion: 3
  m_ObjectHideFlags: 0
  m_CorrespondingSourceObject: {fileID: 0}
  m_PrefabInstance: {fileID: 0}
  m_PrefabAsset: {fileID: 0}
  m_GameObject: {fileID: 5268953812200623375}
  m_Enabled: 1
  m_Avatar: {fileID: 0}
  m_Controller: {fileID: 9100000, guid: 496ae01afb7530a4ab6660f74bda2e30, type: 2}
  m_CullingMode: 0
  m_UpdateMode: 0
  m_ApplyRootMotion: 1
  m_LinearVelocityBlending: 0
  m_WarningMessage: 
  m_HasTransformHierarchy: 1
  m_AllowConstantClipSamplingOptimization: 1
  m_KeepAnimatorControllerStateOnDisable: 0
--- !u!114 &8927631123700313591
MonoBehaviour:
  m_ObjectHideFlags: 0
  m_CorrespondingSourceObject: {fileID: 0}
  m_PrefabInstance: {fileID: 0}
  m_PrefabAsset: {fileID: 0}
  m_GameObject: {fileID: 5268953812200623375}
  m_Enabled: 1
  m_EditorHideFlags: 0
  m_Script: {fileID: 11500000, guid: 34f7de069c18f48428fd36bce04e7560, type: 3}
  m_Name: 
  m_EditorClassIdentifier: 
  vibrateRange: 0.01
  vibrateSpeed: 1000
  vibrationFlag: 0
--- !u!114 &2449319834610105383
MonoBehaviour:
  m_ObjectHideFlags: 0
  m_CorrespondingSourceObject: {fileID: 0}
  m_PrefabInstance: {fileID: 0}
  m_PrefabAsset: {fileID: 0}
  m_GameObject: {fileID: 5268953812200623375}
  m_Enabled: 1
  m_EditorHideFlags: 0
  m_Script: {fileID: 11500000, guid: a7371c9175ecc5847aa8a05fabbedc1a, type: 3}
  m_Name: 
  m_EditorClassIdentifier: 
  EmissionAmount:
    value: 0
  fadingTime: 20
  targetNode: {fileID: 5514368186232115480}
--- !u!65 &2103257046132352020
BoxCollider:
  m_ObjectHideFlags: 0
  m_CorrespondingSourceObject: {fileID: 0}
  m_PrefabInstance: {fileID: 0}
  m_PrefabAsset: {fileID: 0}
  m_GameObject: {fileID: 9110168026149896952}
  m_Material: {fileID: 0}
  m_IsTrigger: 1
  m_Enabled: 1
  serializedVersion: 2
  m_Size: {x: 1.35, y: 2.7, z: 0.5}
  m_Center: {x: -0.6749999, y: 1.35, z: 0}
--- !u!95 &1323325722799074276
Animator:
  serializedVersion: 3
  m_ObjectHideFlags: 0
  m_CorrespondingSourceObject: {fileID: 0}
  m_PrefabInstance: {fileID: 0}
  m_PrefabAsset: {fileID: 0}
  m_GameObject: {fileID: 9110168026149896952}
  m_Enabled: 1
  m_Avatar: {fileID: 0}
  m_Controller: {fileID: 9100000, guid: c316375ae9b4c364286b021cd8249de8, type: 2}
  m_CullingMode: 0
  m_UpdateMode: 0
  m_ApplyRootMotion: 1
  m_LinearVelocityBlending: 0
  m_WarningMessage: 
  m_HasTransformHierarchy: 1
  m_AllowConstantClipSamplingOptimization: 1
  m_KeepAnimatorControllerStateOnDisable: 0
--- !u!114 &8927631122497550579
MonoBehaviour:
  m_ObjectHideFlags: 0
  m_CorrespondingSourceObject: {fileID: 0}
  m_PrefabInstance: {fileID: 0}
  m_PrefabAsset: {fileID: 0}
  m_GameObject: {fileID: 9110168026149896952}
  m_Enabled: 1
  m_EditorHideFlags: 0
  m_Script: {fileID: 11500000, guid: 34f7de069c18f48428fd36bce04e7560, type: 3}
  m_Name: 
  m_EditorClassIdentifier: 
  vibrateRange: 0.01
  vibrateSpeed: 1000
  vibrationFlag: 0
--- !u!114 &3517265060422945589
MonoBehaviour:
  m_ObjectHideFlags: 0
  m_CorrespondingSourceObject: {fileID: 0}
  m_PrefabInstance: {fileID: 0}
  m_PrefabAsset: {fileID: 0}
  m_GameObject: {fileID: 9110168026149896952}
  m_Enabled: 1
  m_EditorHideFlags: 0
  m_Script: {fileID: 11500000, guid: a7371c9175ecc5847aa8a05fabbedc1a, type: 3}
  m_Name: 
  m_EditorClassIdentifier: 
  EmissionAmount:
    value: 0
  fadingTime: 20
  targetNode: {fileID: 7909561457869692419}
--- !u!1001 &6830565306275398003
PrefabInstance:
  m_ObjectHideFlags: 0
  serializedVersion: 2
  m_Modification:
    m_TransformParent: {fileID: 0}
    m_Modifications:
    - target: {fileID: -4216859302048453862, guid: bfa127d3e908ae94cb609fca4d1cb2c8,
        type: 3}
      propertyPath: m_LocalPosition.x
      value: -3.1599953
      objectReference: {fileID: 0}
    - target: {fileID: -4216859302048453862, guid: bfa127d3e908ae94cb609fca4d1cb2c8,
        type: 3}
      propertyPath: m_LocalPosition.y
      value: 0.09978549
      objectReference: {fileID: 0}
    - target: {fileID: -4216859302048453862, guid: bfa127d3e908ae94cb609fca4d1cb2c8,
        type: 3}
      propertyPath: m_LocalPosition.z
      value: -19
      objectReference: {fileID: 0}
    - target: {fileID: -4216859302048453862, guid: bfa127d3e908ae94cb609fca4d1cb2c8,
        type: 3}
      propertyPath: m_LocalRotation.x
      value: -0
      objectReference: {fileID: 0}
    - target: {fileID: -4216859302048453862, guid: bfa127d3e908ae94cb609fca4d1cb2c8,
        type: 3}
      propertyPath: m_LocalRotation.y
      value: -0
      objectReference: {fileID: 0}
    - target: {fileID: -4216859302048453862, guid: bfa127d3e908ae94cb609fca4d1cb2c8,
        type: 3}
      propertyPath: m_LocalRotation.z
      value: -0
      objectReference: {fileID: 0}
    - target: {fileID: -4216859302048453862, guid: bfa127d3e908ae94cb609fca4d1cb2c8,
        type: 3}
      propertyPath: m_LocalRotation.w
      value: 1
      objectReference: {fileID: 0}
    - target: {fileID: -4216859302048453862, guid: bfa127d3e908ae94cb609fca4d1cb2c8,
        type: 3}
      propertyPath: m_RootOrder
      value: 0
      objectReference: {fileID: 0}
    - target: {fileID: -4216859302048453862, guid: bfa127d3e908ae94cb609fca4d1cb2c8,
        type: 3}
      propertyPath: m_LocalEulerAnglesHint.x
      value: 0
      objectReference: {fileID: 0}
    - target: {fileID: -4216859302048453862, guid: bfa127d3e908ae94cb609fca4d1cb2c8,
        type: 3}
      propertyPath: m_LocalEulerAnglesHint.y
      value: 0
      objectReference: {fileID: 0}
    - target: {fileID: -4216859302048453862, guid: bfa127d3e908ae94cb609fca4d1cb2c8,
        type: 3}
      propertyPath: m_LocalEulerAnglesHint.z
      value: 0
      objectReference: {fileID: 0}
    - target: {fileID: -4216859302048453862, guid: bfa127d3e908ae94cb609fca4d1cb2c8,
        type: 3}
      propertyPath: m_LocalScale.x
      value: 2.2222223
      objectReference: {fileID: 0}
    - target: {fileID: -4216859302048453862, guid: bfa127d3e908ae94cb609fca4d1cb2c8,
        type: 3}
      propertyPath: m_LocalScale.y
      value: 2.2222223
      objectReference: {fileID: 0}
    - target: {fileID: -4216859302048453862, guid: bfa127d3e908ae94cb609fca4d1cb2c8,
        type: 3}
      propertyPath: m_LocalScale.z
      value: 2.2222223
      objectReference: {fileID: 0}
    - target: {fileID: -927199367670048503, guid: bfa127d3e908ae94cb609fca4d1cb2c8,
        type: 3}
      propertyPath: m_Name
      value: door
      objectReference: {fileID: 0}
    - target: {fileID: -7506340148497380228, guid: bfa127d3e908ae94cb609fca4d1cb2c8,
        type: 3}
      propertyPath: m_Name
      value: r_door
      objectReference: {fileID: 0}
    - target: {fileID: -7506340148497380228, guid: bfa127d3e908ae94cb609fca4d1cb2c8,
        type: 3}
      propertyPath: m_TagString
      value: Door
      objectReference: {fileID: 0}
    - target: {fileID: -6870562866262555765, guid: bfa127d3e908ae94cb609fca4d1cb2c8,
        type: 3}
      propertyPath: m_Name
      value: l_door
      objectReference: {fileID: 0}
    - target: {fileID: -6870562866262555765, guid: bfa127d3e908ae94cb609fca4d1cb2c8,
        type: 3}
      propertyPath: m_TagString
      value: Door
      objectReference: {fileID: 0}
    - target: {fileID: -9011669175865863268, guid: bfa127d3e908ae94cb609fca4d1cb2c8,
        type: 3}
      propertyPath: m_LocalPosition.x
      value: 1.35
      objectReference: {fileID: 0}
    - target: {fileID: -9011669175865863268, guid: bfa127d3e908ae94cb609fca4d1cb2c8,
        type: 3}
      propertyPath: m_LocalPosition.z
      value: 0.27
      objectReference: {fileID: 0}
    - target: {fileID: -6217767157215485813, guid: bfa127d3e908ae94cb609fca4d1cb2c8,
        type: 3}
      propertyPath: m_LocalRotation.x
      value: -0
      objectReference: {fileID: 0}
    - target: {fileID: -6217767157215485813, guid: bfa127d3e908ae94cb609fca4d1cb2c8,
        type: 3}
      propertyPath: m_LocalPosition.x
      value: 1.35
      objectReference: {fileID: 0}
    - target: {fileID: -6217767157215485813, guid: bfa127d3e908ae94cb609fca4d1cb2c8,
        type: 3}
      propertyPath: m_LocalPosition.z
      value: 0.27
      objectReference: {fileID: 0}
    m_RemovedComponents: []
  m_SourcePrefab: {fileID: 100100000, guid: bfa127d3e908ae94cb609fca4d1cb2c8, type: 3}
--- !u!1 &3308711836952057978 stripped
GameObject:
  m_CorrespondingSourceObject: {fileID: -927199367670048503, guid: bfa127d3e908ae94cb609fca4d1cb2c8,
    type: 3}
  m_PrefabInstance: {fileID: 6830565306275398003}
  m_PrefabAsset: {fileID: 0}
--- !u!1 &5268953812200623375 stripped
GameObject:
  m_CorrespondingSourceObject: {fileID: -7506340148497380228, guid: bfa127d3e908ae94cb609fca4d1cb2c8,
    type: 3}
  m_PrefabInstance: {fileID: 6830565306275398003}
  m_PrefabAsset: {fileID: 0}
--- !u!4 &6645928033180619503 stripped
Transform:
  m_CorrespondingSourceObject: {fileID: -9011669175865863268, guid: bfa127d3e908ae94cb609fca4d1cb2c8,
    type: 3}
  m_PrefabInstance: {fileID: 6830565306275398003}
  m_PrefabAsset: {fileID: 0}
--- !u!1 &9110168026149896952 stripped
GameObject:
  m_CorrespondingSourceObject: {fileID: -6870562866262555765, guid: bfa127d3e908ae94cb609fca4d1cb2c8,
    type: 3}
  m_PrefabInstance: {fileID: 6830565306275398003}
  m_PrefabAsset: {fileID: 0}
--- !u!4 &8610046044626199032 stripped
Transform:
  m_CorrespondingSourceObject: {fileID: -6217767157215485813, guid: bfa127d3e908ae94cb609fca4d1cb2c8,
    type: 3}
  m_PrefabInstance: {fileID: 6830565306275398003}
  m_PrefabAsset: {fileID: 0}
